<?xml version="1.0" encoding="UTF-8"?><record xmlns="http://www.loc.gov/MARC21/slim" xmlns:cinclude="http://apache.org/cocoon/include/1.0" xmlns:zs="http://www.loc.gov/zing/srw/">
  <leader>00402cz  a2200133n  4500</leader>
  <controlfield tag="001">n  85149936 </controlfield>
  <controlfield tag="003">DLC</controlfield>
  <controlfield tag="005">20130925172549.0</controlfield>
  <controlfield tag="008">870409n| azannaab           |a aaa      </controlfield>
  <datafield tag="010" ind1=" " ind2=" ">
    <subfield code="a">n  85149936 </subfield>
  </datafield>
  <datafield tag="040" ind1=" " ind2=" ">
    <subfield code="a">DLC</subfield>
    <subfield code="b">eng</subfield>
    <subfield code="e">rda</subfield>
    <subfield code="c">DLC</subfield>
    <subfield code="d">DLC</subfield>
  </datafield>
  <datafield tag="100" ind1="1" ind2=" ">
    <subfield code="a">Kenney, Frank J.,</subfield>
    <subfield code="d">active 1987</subfield>
  </datafield>
  <datafield tag="400" ind1="1" ind2=" ">
    <subfield code="a">Kenney, Frank,</subfield>
    <subfield code="d">active 1987</subfield>
  </datafield>
  <datafield tag="670" ind1=" " ind2=" ">
    <subfield code="a">Athens County, 1987:</subfield>
    <subfield code="b">CIP t.p. (Frank Kenney) printed t.p. (Frank J. Kenney)</subfield>
  </datafield>
</record>